@misc{ZBar,
    author  = "Jeff Brown",
    title   = "ZBar er et open source software sæt til at læse barkoder fra forskellige kilder, som f.eks. videofeeds, billeder og rå intensitetsskannere. ZBar er licenseret under {GNU LGPL} 2.1.",
    note    = {\\Tilgængelig på \url{http://zbar.sourceforge.net}, version 0.10}
}

@misc{OpenCV,
    author  = "OpenCV",
    title   = "Open{CV} ({Open Source Computer Vision}) er et bibliotek der indeholder programmerings funktioner for 'real time computer vision'.",
    note    = {\\Information tilgængelig på \url{http://opencv.org/}}
}

@misc{OpenCV-GPU,
    author  = "OpenCV-GPU",
    title   = "OpenCV inkluderer et {GPU} bibliotek, der er støttet af NVIDIA. Biblioteket inkluderer accelereret kode for størstedelen af funktionaliteterne.",
    note    = {\\Information tilgængelig på \url{http://opencv.org/platforms/cuda.html}}
}

@misc{CUDA,
    author  = "NVIDIA",
    title   = "{CUDA} er en parallel computer platform og programmeringsmodel opfundet af {NVIDIA}. Modellen giver en drastisk forøgelse i udregnings ydelser relateret til grafik processorer ved at udnytte deres styrker ({GPU}).",
    note    = {\\Information tilgængelig på \url{http://www.nvidia.com/object/cuda_home_new.html}}
}

@misc{QR,
    author  = "DENSO WAVE",
    title   = "{Quick-Response (QR)} koder detaljeret information omkring de forskellige modeller.",
    note    = {\\Information tilgængelig på \url{http://www.qrcode.com/en/index.html}}
}

@misc{ROS,
    author  = "ROS",
    title   = "{Robotic Operating System} er et operativ system designet til at styre robotter, og indeholder mange biblioteker (packages) til at udføre mange forskellige opgaver.",
    note    = {\\Information tilgængelig på \url{http://www.ros.org/}}
}

@misc{wiki-Bundtlandsrapport,
    author = "Anonym",
    title = "Brundtlandrapporten",
    note = {\url{https://da.wikipedia.org/wiki/Brundtlandrapporten}}
}

@misc{Python-ardrone,
    author = "Mike Hamer",
    title = "Ardrone tutorials",
    note = {\url{https://github.com/mikehamer/ardrone_tutorials}}
}

@misc{TUM_ARDRONE,
    author  = "TUM\_ARDRONE",
    title   = "{TUM\_ARDRONE}",
    note    = {\\Information tilgængelig på \url{http://vision.in.tum.de/data/software/tum\_ardrone}}
}

@misc{ARDRONE_DRIVER,
    author  = {"Mike Hamer, Jakob Engel, Sameer Parekh, Devmax, Rachel Brindle, Davide Tateo, Charles Lesire-Cabaniols, Kenneth Bogert, Gary Servin og Matias N."},
    title   = "{ARDRONE\_DRIVER}",
    note    = {\\Information tilgængelig på \url{http://ardrone-autonomy.readthedocs.io/en/latest/index.html}}
}